<record><leader>00000cas a2200000 a 4500</leader><controlfield tag="001">42248102</controlfield><controlfield tag="008">990826d1916191uvtudr ne      0    0eng c</controlfield><datafield ind1=" " ind2=" " tag="010"><subfield code="a">sn 99067927 </subfield></datafield><datafield ind1=" " ind2=" " tag="040"><subfield code="a">NVN</subfield><subfield code="b">eng</subfield><subfield code="c">NVN</subfield><subfield code="d">OCLCQ</subfield><subfield code="d">NVN</subfield><subfield code="d">DLC</subfield><subfield code="d">OCLCF</subfield><subfield code="d">DLC</subfield></datafield><datafield ind1=" " ind2=" " tag="042"><subfield code="a">pcc</subfield></datafield><datafield ind1=" " ind2=" " tag="043"><subfield code="a">n-us-vt</subfield></datafield><datafield ind1="0" ind2="0" tag="245"><subfield code="a">St. Johnsbury daily Caledonian.</subfield></datafield><datafield ind1="3" ind2=" " tag="246"><subfield code="a">Saint Johnsbury daily Caledonian</subfield></datafield><datafield ind1=" " ind2=" " tag="260"><subfield code="a">St. Johnsbury, Vt. :</subfield><subfield code="b">Caledonian Co.</subfield></datafield><datafield ind1=" " ind2=" " tag="300"><subfield code="a">v.</subfield></datafield><datafield ind1=" " ind2=" " tag="310"><subfield code="a">Daily (except Sat. and Sun.)</subfield></datafield><datafield ind1="1" ind2=" " tag="362"><subfield code="a">Began in 1916?</subfield></datafield><datafield ind1=" " ind2=" " tag="588"><subfield code="a">Description based on: Vol. 1, no. 250 (Feb. 14, 1917).</subfield></datafield><datafield ind1=" " ind2="0" tag="651"><subfield code="a">Saint Johnsbury (Vt.)</subfield><subfield code="v">Newspapers.</subfield></datafield><datafield ind1=" " ind2="0" tag="651"><subfield code="a">Caledonia County (Vt.)</subfield><subfield code="v">Newspapers.</subfield></datafield><datafield ind1=" " ind2="0" tag="651"><subfield code="a">Vermont</subfield><subfield code="v">Newspapers.</subfield></datafield><datafield ind1=" " ind2="7" tag="651"><subfield code="a">Vermont.</subfield><subfield code="2">fast</subfield><subfield code="0">(OCoLC)fst01204305</subfield></datafield><datafield ind1=" " ind2="7" tag="651"><subfield code="a">Vermont</subfield><subfield code="z">Caledonia County.</subfield><subfield code="2">fast</subfield><subfield code="0">(OCoLC)fst01228924</subfield></datafield><datafield ind1=" " ind2="7" tag="651"><subfield code="a">Vermont</subfield><subfield code="z">Saint Johnsbury.</subfield><subfield code="2">fast</subfield><subfield code="0">(OCoLC)fst01226818</subfield></datafield><datafield ind1=" " ind2="7" tag="655"><subfield code="a">Newspapers.</subfield><subfield code="2">fast</subfield><subfield code="0">(OCoLC)fst01423814</subfield></datafield><datafield ind1=" " ind2=" " tag="752"><subfield code="a">United States</subfield><subfield code="b">Vermont</subfield><subfield code="c">Caledonia</subfield><subfield code="d">Saint Johnsbury.</subfield></datafield><datafield ind1="1" ind2=" " tag="775"><subfield code="a">St. Johnsbury Caledonian (Saint Johnsbury, Vt. : 1867)</subfield><subfield code="x">2331-7728</subfield><subfield code="w">(DLC)sn 84023253</subfield><subfield code="w">(OCoLC)10847923</subfield></datafield><datafield ind1="0" ind2="0" tag="785"><subfield code="t">Evening Caledonian</subfield><subfield code="x">2375-1886</subfield><subfield code="w">(DLC)sn 97067598</subfield><subfield code="w">(OCoLC)12179794</subfield></datafield></record>